%
% BibTex Database
% ===========================================================================
% This is part of the document "Project documentation template".
% Authors: brd3
%

@misc{BehaviourTrees,
  author = {Chris Simpson},
  title = {{Behavior trees for AI: How they work}},
  url = {https://www.gamedeveloper.com/programming/behavior-trees-for-ai-how-they-work},
  year = {2014},
}

@misc{UtilityAiFunctionality,
  author = {Jakob Rasmussen},
  title = {{Are Behavior Trees a Thing of the Past?}},
  url = {https://www.gamedeveloper.com/programming/are-behavior-trees-a-thing-of-the-past-},
  year = {2016},
}

@misc{UtilityAiTalk,
  author = {Mike Lewis and Dave Mark},
  title = {{Building a Better Centaur AI}},
  url = {https://www.gdcvault.com/play/1021848/Building-a-Better-Centaur-AI},
  year = {2015},
}

@misc{GOAP,
  author = {Brent Owens},
  title = {{Goal Oriented Action Planning for a Smarter AI}},
  url = {https://gamedevelopment.tutsplus.com/tutorials/goal-oriented-action-planning-for-a-smarter-ai--cms-20793},
  year = {2014},
}

@misc{RL,
  author = {Joseph M. Carew},
  title = {{reinforcement learning}},
  url = {https://www.techtarget.com/searchenterpriseai/definition/reinforcement-learning},
  year = {2019},
}

@misc{Comparison,
  author = {TooLoo},
  title = {{Utility AI In Unity - Part 1 - Introduction}},
  url = {https://youtu.be/ejKrvhusU1I?t=279},
  year = {2021},
}
